% Encoding: UTF-8

%% brug dette online værktøj til at oprette referencer: 
	http://truben.no/latex/bibtex/

@online{websiteAttachedProperties,
  author = "Thomas Levesque",
  title = "\uppercase{WPF C}reating parameterized styles with attached properties",
  year = "2011",
  url = "http://www.thomaslevesque.com/2011/10/01/wpf-creating-parameterized-styles-with-attached-properties/",
  urldate = "2016-03-31"
}

@online{websitePlaceholder,
  author = "Adi Lester",
  title = "Watermark / hint text / placeholder TextBox in WPF",
  year = "2014",
  url = "http://stackoverflow.com/questions/833943/watermark-hint-text-placeholder-textbox-in-wpf",
  urldate = "2016-03-31"
}

@online{websiteCustomWindow,
  author = "JayChase",
  title = "\uppercase{WPF C}ustomizing the appearance of a window in XAML",
  year = "2015",
  url = "https://code.msdn.microsoft.com/WPF-styling-a-Window-in-fcf4e4ce",
  urldate = "2016-03-31"
}
