% Encoding: UTF-8

%% brug dette online værktøj til at oprette referencer: 
http://truben.no/latex/bibtex/

@ONLINE {oracle,
	author = "Oracle",
	title  = "Download MySQL Installer",
	url    = "http://dev.mysql.com/downloads/installer/"
}

@ONLINE {feriehusudlejernesbrancheforening2012,
    author = "Feriehusudlejernes Brancheforening",
    title  = "Retningslinjer for tilsyn og kontrol med pool og spabade i private udlejningssommerhuse",
    month  = "jan",
    year   = "2012",
    url    = "http://www.fbnet.dk/sites/default/files/asp/fbnet/Regler-og-love/retningslinjer-for-tilsyn-og-kontrol-20-oktober-2003-revideret-6-januar-2012_ab.pdf"
}

@ONLINE {efArch,
	author = "Microsoft",
	title  = "ADO.NET Entity Framework At-a-Glance",
	url    = "https://msdn.microsoft.com/en-us/data/aa937709.aspx"
}

@ONLINE {dotnetdatetime,
	author = "Microsoft",
	title  = "DateTime Structure",
	url    = "https://msdn.microsoft.com/en-us/library/system.datetime(v=vs.110).aspx"
}

@ONLINE {microsoftdevelopernetwork2016,
	author = "Microsoft Developer Network",
	title  = "How to: Use Lazy Loading to Load Related Objects",
	year   = "2016",
	url    = "https://msdn.microsoft.com/en-us/library/dd456846(v=vs.100).aspx"
}

@ONLINE {microsoftdbcontext,
	author = "Microsoft",
	title  = "Working with DbContext",
	year   = "2015",
	url    = "https://msdn.microsoft.com/en-us/data/jj729737.aspx"
}

@ONLINE {flylib,
	author = "Flylib",
	url    = "http://flylib.com/books/2/843/1/html/2/files/02fig02.gif"
}

@ARTICLE {fcgss2007,
	author  = "FCGSS",
	title   = "Applying 4+1 View Architecture with UML 2",
	journal = "Software Services",
	year    = "2007"
}

@ONLINE {wiki41model,
	author = "Wikipedia",
	title  = "4+1 architectural view model",
	url    = "https://en.wikipedia.org/wiki/4%2B1_architectural_view_model"
}

@ONLINE {scaledagile,
	author = "Scaled Agile Inc.",
	title  = "Spikes Abstract",
	url    = "http://www.scaledagileframework.com/spikes/"
}

@ONLINE {microsoftdatadevelopercenter2016,
	author = "Microsoft Data Developer Center",
	title  = "Entity Framework Model First",
	month  = "mar",
	year   = "2016",
	url    = "https://msdn.microsoft.com/en-us/data/jj205424.aspx"
}

@BOOK {robertmartin2006,
	author    = "Robert C. Martin, Micah Martin",
	title     = "Agile Principles, Patterns and Practices in C\#",
	publisher = "Prentice Hall",
	year      = "2006"
}

@ONLINE {communitysupportedlanguages2016,
	author = "Community-Supported Languages",
	title  = "Community-Supported Languages",
	month  = "apr",
	year   = "2016",
	url    = "https://docs.travis-ci.com/user/languages/community-supported-languages/"
}

@book{osherove2015art,
	title={The art of unit testing},
	author={Osherove, Roy},
	year={2015},
	publisher={MITP-Verlags GmbH \& Co. KG}
}

@online{websiteAttachedProperties,
	author = "Thomas Levesque",
	title = "\uppercase{WPF C}reating parameterized styles with attached properties",
	year = "2011",
	url = "http://www.thomaslevesque.com/2011/10/01/wpf-creating-parameterized-styles-with-attached-properties/",
	urldate = "2016-03-31"
}

@online{websitePlaceholder,
	author = "Adi Lester",
	title = "Watermark / hint text / placeholder TextBox in WPF",
	year = "2014",
	url = "http://stackoverflow.com/questions/833943/watermark-hint-text-placeholder-textbox-in-wpf",
	urldate = "2016-03-31"
}

@online{websiteCustomWindow,
	author = "JayChase",
	title = "\uppercase{WPF C}ustomizing the appearance of a window in XAML",
	year = "2015",
	url = "https://code.msdn.microsoft.com/WPF-styling-a-Window-in-fcf4e4ce",
	urldate = "2016-03-31"
}

@ONLINE {atlassian2016,
	author = "Atlassian",
	title  = "Feature Branch Workflow",
	month  = "may",
	year   = "2016",
	url    = "https://www.atlassian.com/git/tutorials/comparing-workflows/feature-branch-workflow"
}

@ONLINE {margaretrouse2015,
	author = "Margaret Rouse",
	title  = "Om user stories.",
	month  = "feb",
	year   = "2015",
	url    = "http://searchsoftwarequality.techtarget.com/definition/user-story"
}